@book{DUMMY:1,
  AUTHOR = "John Doe",
  TITLE = "The Book without Title",
  PUBLISHER = "Dummy Publisher",
  YEAR = "2100",
}

@misc{WEBSITE:1,
  HOWPUBLISHED = "\url{https://google.com}",
  AUTHOR = "Alphabet Inc.",
  TITLE = "Google",
  MONTH = "Dec",
  YEAR = "1988",
  NOTE = "",
}

@review{HUNDRET-YEARS-CPI,
  AUTHOR = "Stephen B. Reed",
  TITLE = "One hundred years of price change: the Consumer Price Index and the
           American inflation experience",
  MONTH = "April",
  YEAR = "2014",
  PUBLISHER = "U.S. Bureau of Labor Statistics",
  TYPE = "Monthly Labor Review",
}






